@article{bbm-237,
  title={Attractor Landscape Analysis Reveals a Reversion Switch in the Transition of Colorectal Tumorigenesis},
  author={Shin, Dongkwan and Gong, Jeong-Ryeol and Jeong, Seoyoon D and Cho, Youngwon and Kim, Hwang-Phill and Kim, Tae-You and Cho, Kwang-Hyun},
  journal={Advanced Science},
  pages={2412503},
  year={2024},
  publisher={Wiley Online Library}
}