@article{bbm-244,
  title={The regulatory network that controls lymphopoiesis},
  author={Mendoza, Luis and V{\'a}zquez-Ram{\'\i}rez, Ricardo and Tzompantzi-de-Ita, Juan Manuel},
  journal={BioSystems},
  pages={105399},
  year={2025},
  publisher={Elsevier}
}