@article{bbm-245,
  title={Molecular mechanisms of heart field specific cardiomyoscyte differentiation-a computational modeling approach},
  author={Argyris, Georgios and Zeegelaar, Ricco A and Post, Janine N},
  journal={bioRxiv},
  pages={2024--12},
  year={2024},
  publisher={Cold Spring Harbor Laboratory}
}