@article{bbm-241,
  title={Building a modular and multi-cellular virtual twin of the synovial joint in Rheumatoid Arthritis},
  author={Zerrouk, Naouel and Aug{\'e}, Franck and Niarakis, Anna},
  journal={npj Digital Medicine},
  volume={7},
  number={1},
  pages={379},
  year={2024},
  publisher={Nature Publishing Group UK London}
}