@article{bbm-238,
  title={DNA Damage-Induced Ferroptosis: A Boolean Model Regulating p53 and Non-Coding RNAs in Drug Resistance},
  author={Gupta, Shantanu and Silveira, Daner A and Mombach, Jos{\'e} Carlos M and Hashimoto, Ronaldo F},
  journal={Proteomes},
  volume={13},
  number={1},
  pages={6},
  year={2025},
  publisher={MDPI}
}