@article{bbm-240,
  title={Large-scale computational modelling of the M1 and M2 synovial macrophages in rheumatoid arthritis},
  author={Zerrouk, Naouel and Alcraft, Rachel and Hall, Benjamin A and Aug{\'e}, Franck and Niarakis, Anna},
  journal={npj Systems Biology and Applications},
  volume={10},
  number={1},
  pages={10},
  year={2024},
  publisher={Nature Publishing Group UK London}
}